@ARTICLE{zinn18,
   author = {{Zinn}, J.~C. and {Pinsonneault}, M.~H. and {Huber}, D. and
	{Stello}, D.},
    title = "{Confirmation of the zero-point offset in Gaia Data Release 2 parallaxes using asteroseismology and APOGEE spectroscopy in the Kepler field}",
  journal = {ArXiv e-prints},
archivePrefix = "arXiv",
   eprint = {1805.02650},
 primaryClass = "astro-ph.SR",
 keywords = {Astrophysics - Solar and Stellar Astrophysics},
     year = 2018,
    month = may,
   adsurl = {http://adsabs.harvard.edu/abs/2018arXiv180502650Z},
  adsnote = {Provided by the SAO/NASA Astrophysics Data System}
}

@ARTICLE{2017MNRAS.472.4110S,
       author = {{Stello}, Dennis and {Huber}, Daniel and {Grundahl}, Frank and {Lloyd},
        James and {Ireland}, Mike and {Casagrande}, Luca and
        {Fredslund}, Mads and {Bedding}, Timothy R. and {Palle}, Pere L.
        and {Antoci}, Victoria and {Kjeldsen}, Hans and {Christensen-
        Dalsgaard}, J{\o}rgen},
        title = "{Asteroseismic masses of retired planet-hosting A-stars using SONG}",
      journal = {\mnras},
     keywords = {techniques: radial velocities, stars: fundamental parameters, stars:
        interiors, stars: oscillations, Astrophysics - Earth and
        Planetary Astrophysics, Astrophysics - Solar and Stellar
        Astrophysics},
         year = 2017,
        month = Dec,
       volume = {472},
        pages = {4110-4116},
          doi = {10.1093/mnras/stx2295},
       adsurl = {https://ui.adsabs.harvard.edu/#abs/2017MNRAS.472.4110S},
      adsnote = {Provided by the SAO/NASA Astrophysics Data System}
}


@ARTICLE{viani17,
   author = {{Viani}, L.~S. and {Basu}, S. and {Chaplin}, W.~J. and {Davies}, G.~R. and
	{Elsworth}, Y.},
    title = "{Changing the {$\nu$} $_{max}$ Scaling Relation: The Need for a Mean Molecular Weight Term}",
  journal = {\apj},
archivePrefix = "arXiv",
   eprint = {1705.03472},
 primaryClass = "astro-ph.SR",
 keywords = {stars: fundamental parameters, stars: interiors, stars: oscillations},
     year = 2017,
    month = jul,
   volume = 843,
      eid = {11},
    pages = {11},
      doi = {10.3847/1538-4357/aa729c},
   adsurl = {http://adsabs.harvard.edu/abs/2017ApJ...843...11V},
  adsnote = {Provided by the SAO/NASA Astrophysics Data System}
}


@ARTICLE{huber09,
   author = {{Huber}, D. and {Stello}, D. and {Bedding}, T.~R. and {Chaplin}, W.~J. and
	{Arentoft}, T. and {Quirion}, P.-O. and {Kjeldsen}, H.},
    title = "{Automated extraction of oscillation parameters for Kepler observations of solar-type stars}",
  journal = {Communications in Asteroseismology},
archivePrefix = "arXiv",
   eprint = {0910.2764},
 primaryClass = "astro-ph.SR",
     year = 2009,
    month = oct,
   volume = 160,
    pages = {74-91},
   adsurl = {http://adsabs.harvard.edu/abs/2009CoAst.160...74H},
  adsnote = {Provided by the SAO/NASA Astrophysics Data System}
}

@ARTICLE{hekker17,
   author = {{Hekker}, S. and {Christensen-Dalsgaard}, J.},
    title = "{Giant star seismology}",
  journal = {\aapr},
archivePrefix = "arXiv",
   eprint = {1609.07487},
 primaryClass = "astro-ph.SR",
 keywords = {Asteroseismology, Stars: oscillations (including pulsations), Stars: evolution, Stars: red giants},
     year = 2017,
    month = jun,
   volume = 25,
      eid = {1},
    pages = {1},
      doi = {10.1007/s00159-017-0101-x},
   adsurl = {http://adsabs.harvard.edu/abs/2017A%26ARv..25....1H},
  adsnote = {Provided by the SAO/NASA Astrophysics Data System}
}


@ARTICLE{butler17,
   author = {{Butler}, R.~P. and {Vogt}, S.~S. and {Laughlin}, G. and {Burt}, J.~A. and
  {Rivera}, E.~J. and {Tuomi}, M. and {Teske}, J. and {Arriagada}, P. and
  {Diaz}, M. and {Holden}, B. and {Keiser}, S.},
    title = "{The LCES HIRES/Keck Precision Radial Velocity Exoplanet Survey}",
  journal = {\aj},
archivePrefix = "arXiv",
   eprint = {1702.03571},
 primaryClass = "astro-ph.EP",
 keywords = {planetary systems},
     year = 2017,
    month = may,
   volume = 153,
      eid = {208},
    pages = {208},
      doi = {10.3847/1538-3881/aa66ca},
   adsurl = {http://adsabs.harvard.edu/abs/2017AJ....153..208B},
  adsnote = {Provided by the SAO/NASA Astrophysics Data System}
}


@ARTICLE{frink2001,
   author = {{Frink}, S. and {Quirrenbach}, A. and {Fischer}, D. and {R{\"o}ser}, S. and
  {Schilbach}, E.},
    title = "{A Strategy for Identifying the Grid Stars for the Space Interferometry Mission}",
  journal = {\pasp},
   eprint = {astro-ph/0011190},
 keywords = {Astrometry, Stars: Binaries: General, Reference Systems, Stars: Oscillations, Techniques: Radial Velocities},
     year = 2001,
    month = feb,
   volume = 113,
    pages = {173-187},
      doi = {10.1086/318610},
   adsurl = {http://adsabs.harvard.edu/abs/2001PASP..113..173F},
  adsnote = {Provided by the SAO/NASA Astrophysics Data System}
}


@ARTICLE{hekker2006,
   author = {{Hekker}, S. and {Reffert}, S. and {Quirrenbach}, A. and {Mitchell}, D.~S. and
  {Fischer}, D.~A. and {Marcy}, G.~W. and {Butler}, R.~P.},
    title = "{Precise radial velocities of giant stars. I. Stable stars}",
  journal = {\aap},
   eprint = {astro-ph/0604502},
 keywords = {techniques: radial velocity observations, stars: late-type},
     year = 2006,
    month = aug,
   volume = 454,
    pages = {943-949},
      doi = {10.1051/0004-6361:20064946},
   adsurl = {http://adsabs.harvard.edu/abs/2006A%26A...454..943H},
  adsnote = {Provided by the SAO/NASA Astrophysics Data System}
}


@ARTICLE{ortiz2016,
   author = {{Ortiz}, M. and {Reffert}, S. and {Trifonov}, T. and {Quirrenbach}, A. and
  {Mitchell}, D.~S. and {Nowak}, G. and {Buenzli}, E. and {Zimmerman}, N. and
  {Bonnefoy}, M. and {Skemer}, A. and {Defr{\`e}re}, D. and {Lee}, M.~H. and
  {Fischer}, D.~A. and {Hinz}, P.~M.},
    title = "{Precise radial velocities of giant stars. IX. HD 59686 Ab: a massive circumstellar planet orbiting a giant star in a  13.6 au eccentric binary system}",
  journal = {\aap},
archivePrefix = "arXiv",
   eprint = {1608.00963},
 primaryClass = "astro-ph.EP",
 keywords = {planetary systems, planets and satellites: formation, planets and satellites: fundamental parameters, planets and satellites: gaseous planets, planets and satellites: detection, planets and satellites: general},
     year = 2016,
    month = oct,
   volume = 595,
      eid = {A55},
    pages = {A55},
      doi = {10.1051/0004-6361/201628791},
   adsurl = {http://adsabs.harvard.edu/abs/2016A%26A...595A..55O},
  adsnote = {Provided by the SAO/NASA Astrophysics Data System}
}


@INPROCEEDINGS{lsst,
   author = {{Tyson}, A. and {Angel}, R.},
    title = "{The Large-aperture Synoptic Survey Telescope.}",
booktitle = {The New Era of Wide Field Astronomy},
     year = 2001,
   series = {Astronomical Society of the Pacific Conference Series},
   volume = 232,
   editor = {{Clowes}, R. and {Adamson}, A. and {Bromage}, G.},
    pages = {347},
   adsurl = {http://adsabs.harvard.edu/abs/2001ASPC..232..347T},
  adsnote = {Provided by the SAO/NASA Astrophysics Data System}
}

@ARTICLE{kallinger2017,
   author = {{Kallinger}, T. and {Weiss}, W.~W.},
    title = "{Testing the photometric stability of BRITE-Constellation}",
  journal = {ArXiv e-prints},
archivePrefix = "arXiv",
   eprint = {1711.02570},
 primaryClass = "astro-ph.SR",
 keywords = {Astrophysics - Solar and Stellar Astrophysics},
     year = 2017,
    month = nov,
   adsurl = {http://adsabs.harvard.edu/abs/2017arXiv171102570K},
  adsnote = {Provided by the SAO/NASA Astrophysics Data System}
}

@INPROCEEDINGS{dmt,
   author = {{Angel}, R. and {Lesser}, M. and {Sarlot}, R. and {Dunham}, E.
  },
    title = "{Design for an 8-m Telescope with a 3 Degree Field at f/1.25: The Dark Matter Telescope}",
booktitle = {Imaging the Universe in Three Dimensions},
     year = 2000,
   series = {Astronomical Society of the Pacific Conference Series},
   volume = 195,
   editor = {{van Breugel}, W. and {Bland-Hawthorn}, J.},
    pages = {81},
   adsurl = {http://adsabs.harvard.edu/abs/2000ASPC..195...81A},
  adsnote = {Provided by the SAO/NASA Astrophysics Data System}
}

@ARTICLE{lsstbook,
   author = {{LSST Science Collaboration} and {Abell}, P.~A. and {Allison}, J. and
  {Anderson}, S.~F. and {Andrew}, J.~R. and {Angel}, J.~R.~P. and
  {Armus}, L. and {Arnett}, D. and {Asztalos}, S.~J. and {Axelrod}, T.~S. and et al.},
    title = "{LSST Science Book, Version 2.0}",
  journal = {ArXiv e-prints},
archivePrefix = "arXiv",
   eprint = {0912.0201},
 primaryClass = "astro-ph.IM",
 keywords = {Astrophysics - Instrumentation and Methods for Astrophysics, Astrophysics - Cosmology and Extragalactic Astrophysics, Astrophysics - Earth and Planetary Astrophysics, Astrophysics - Galaxy Astrophysics, Astrophysics - Solar and Stellar Astrophysics},
     year = 2009,
    month = dec,
   adsurl = {http://adsabs.harvard.edu/abs/2009arXiv0912.0201L},
  adsnote = {Provided by the SAO/NASA Astrophysics Data System}
}


@ARTICLE{gaia,
   author = {{Gaia Collaboration} and {Prusti}, T. and {de Bruijne}, J.~H.~J. and
  {Brown}, A.~G.~A. and {Vallenari}, A. and {Babusiaux}, C. and
  {Bailer-Jones}, C.~A.~L. and {Bastian}, U. and {Biermann}, M. and
  {Evans}, D.~W. and et al.},
    title = "{The Gaia mission}",
  journal = {\aap},
archivePrefix = "arXiv",
   eprint = {1609.04153},
 primaryClass = "astro-ph.IM",
 keywords = {space vehicles: instruments, Galaxy: structure, astrometry, parallaxes, proper motions, telescopes},
     year = 2016,
    month = nov,
   volume = 595,
      eid = {A1},
    pages = {A1},
      doi = {10.1051/0004-6361/201629272},
   adsurl = {http://adsabs.harvard.edu/abs/2016A%26A...595A...1G},
  adsnote = {Provided by the SAO/NASA Astrophysics Data System}
}

@ARTICLE{richichi2017,
   author = {{Richichi}, A. and {Dyachenko}, V. and {Pandey}, A.~K. and {Sharma}, S. and
  {Tasuya}, O. and {Balega}, Y. and {Beskakotov}, A. and {Rastegaev}, D. and
  {Dhillon}, V.~S.},
    title = "{Evidence of asymmetries in the Aldebaran photosphere from multiwavelength lunar occultations}",
  journal = {\mnras},
archivePrefix = "arXiv",
   eprint = {1609.06007},
 primaryClass = "astro-ph.SR",
 keywords = {occultations, stars: atmospheres, stars: individual: Aldebaran},
     year = 2017,
    month = jan,
   volume = 464,
    pages = {231-236},
      doi = {10.1093/mnras/stw2352},
   adsurl = {http://adsabs.harvard.edu/abs/2017MNRAS.464..231R},
  adsnote = {Provided by the SAO/NASA Astrophysics Data System}
}

@ARTICLE{richichi2005,
   author = {{Richichi}, A. and {Roccatagliata}, V.},
    title = "{Aldebaran's angular diameter: How well do we know it?}",
  journal = {\aap},
   eprint = {astro-ph/0502181},
 keywords = {occultations, techniques: high angular resolution, techniques: interferometric, stars: fundamental parameters, stars: individual: {$\alpha$} Tau, stars: individual: Aldebaran},
     year = 2005,
    month = apr,
   volume = 433,
    pages = {305-312},
      doi = {10.1051/0004-6361:20041765},
   adsurl = {http://adsabs.harvard.edu/abs/2005A%26A...433..305R},
  adsnote = {Provided by the SAO/NASA Astrophysics Data System}
}

@ARTICLE{1979ApJ...228L.111B,
   author = {{Beavers}, W.~I. and {Eitter}, J.},
    title = "{The diameter of Aldebaran and Hyades occultations}",
  journal = {\apjl},
 keywords = {Giant Stars, Lunar Occultation, Stellar Occultation, Binary Stars, Graphs (Charts), Stellar Spectrophotometry},
     year = 1979,
    month = mar,
   volume = 228,
    pages = {L111-L114},
      doi = {10.1086/182914},
   adsurl = {http://adsabs.harvard.edu/abs/1979ApJ...228L.111B},
  adsnote = {Provided by the SAO/NASA Astrophysics Data System}
}

@ARTICLE{brown1979,
   author = {{Brown}, A. and {Bunclark}, P.~S. and {Stapleton}, J.~R. and
  {Stewart}, G.~C.},
    title = "{The radius of Aldebaran from fast photometry of the 1978 August 26 occultation}",
  journal = {\mnras},
 keywords = {Astronomical Photometry, Giant Stars, Radii, Stellar Occultation, Diameters, Light Curve, Parallax, Stellar Mass, Stellar Temperature, Temperature Effects},
     year = 1979,
    month = jun,
   volume = 187,
    pages = {753-755},
      doi = {10.1093/mnras/187.4.753},
   adsurl = {http://adsabs.harvard.edu/abs/1979MNRAS.187..753B},
  adsnote = {Provided by the SAO/NASA Astrophysics Data System}
}

@ARTICLE{panek1980,
   author = {{Panek}, R.~J. and {Leap}, J.~L.},
    title = "{Lunar occultation diameter of Aldebaran}",
  journal = {\aj},
 keywords = {Astronomical Photometry, Giant Stars, Lunar Occultation, Curve Fitting, Data Reduction, Diameters, Disks (Shapes), Stellar Structure},
     year = 1980,
    month = jan,
   volume = 85,
    pages = {47-49},
      doi = {10.1086/112634},
   adsurl = {http://adsabs.harvard.edu/abs/1980AJ.....85...47P},
  adsnote = {Provided by the SAO/NASA Astrophysics Data System}
}

@ARTICLE{Hatzes1998,
   author = {{Hatzes}, A.~P. and {Cochran}, W.~D.},
    title = "{On the nature of the radial velocity variability of Aldebaran - A search for spectral line bisector variations}",
  journal = {\mnras},
   eprint = {astro-ph/9712312},
 keywords = {Radial Velocity, Late Stars, K Stars, Subgiant Stars, Variable Stars, Stellar Spectra, Line Spectra, Variability, Companion Stars, Extrasolar Planets},
     year = 1998,
    month = feb,
   volume = 293,
    pages = {469},
      doi = {10.1046/j.1365-8711.1998.01186.x},
   adsurl = {http://adsabs.harvard.edu/abs/1998MNRAS.293..469H},
  adsnote = {Provided by the SAO/NASA Astrophysics Data System}
}

@Article{   struverv,
  author  = {{Struve}, O.},
  title   = "{Proposal for a project of high-precision stellar radial
      velocity work}",
  journal = {The Observatory},
  year    = 1952,
  month   = oct,
  volume  = 72,
  pages   = {199-200},
  adsurl  = {http://adsabs.harvard.edu/abs/1952Obs....72..199S},
  adsnote = {Provided by the SAO/NASA Astrophysics Data System}
}


@ARTICLE{smith1983,
   author = {{Smith}, M.~A.},
    title = "{Precise radial velocities. II - A possible detection of oscillations or running waves in Aldebaran and Arcturus}",
  journal = {\apj},
 keywords = {Late Stars, Radial Velocity, Stellar Oscillations, Stellar Spectra, Correlation, Oxygen Spectra, Power Spectra, Telluric Lines},
     year = 1983,
    month = feb,
   volume = 265,
    pages = {325-330},
      doi = {10.1086/160677},
   adsurl = {http://adsabs.harvard.edu/abs/1983ApJ...265..325S},
  adsnote = {Provided by the SAO/NASA Astrophysics Data System}
}

@ARTICLE{wasatonic1997,
   author = {{Wasatonic}, R. and {Guinan}, E.~F.},
    title = "{Aldebaran: Discovery of Small Amplitude Light Variations}",
  journal = {Information Bulletin on Variable Stars},
     year = 1997,
    month = may,
   volume = 4480,
   adsurl = {http://adsabs.harvard.edu/abs/1997IBVS.4480....1W},
  adsnote = {Provided by the SAO/NASA Astrophysics Data System}
}


@ARTICLE{Foreman-Mackey2017,
  author =	 {{Foreman-Mackey}, D. and {Agol}, E. and
                  {Ambikasaran}, S. and {Angus}, R.},
  title =	 "{Fast and scalable Gaussian process modeling with
                  applications to astronomical time series}",
  journal =	 {ArXiv e-prints},
  archivePrefix ="arXiv",
  eprint =	 {1703.09710},
  primaryClass = "astro-ph.IM",
  keywords =	 {Astrophysics - Instrumentation and Methods for
                  Astrophysics, Astrophysics - Earth and Planetary
                  Astrophysics, Astrophysics - Solar and Stellar
                  Astrophysics, Physics - Data Analysis, Statistics
                  and Probability, Statistics - Applications},
  year =	 2017,
  month =	 mar,
  adsurl =	 {http://adsabs.harvard.edu/abs/2017arXiv170309710F},
  adsnote =	 {Provided by the SAO/NASA Astrophysics Data System}
}

@Article{   51peg,
  author  = {{Mayor}, M. and {Queloz}, D.},
  title   = "{A Jupiter-mass companion to a solar-type star}",
  journal = {\nat},
  year    = 1995,
  month   = nov,
  volume  = 378,
  pages   = {355-359},
  doi   = {10.1038/378355a0},
  adsurl  = {http://adsabs.harvard.edu/abs/1995Natur.378..355M},
  adsnote = {Provided by the SAO/NASA Astrophysics Data System}
}

@Article{   betgemconf,
  author  = {{Hatzes}, A.~P. and {Cochran}, W.~D. and {Endl}, M. and
      {Guenther}, E.~W. and {Saar}, S.~H. and {Walker}, G.~A.~H.
      and {Yang}, S. and {Hartmann}, M. and {Esposito}, M. and
      {Paulson}, D.~B. and {D{\"o}llinger}, M.~P. },
  title   = "{Confirmation of the planet hypothesis for the long-period
      radial velocity variations of {$\beta$} Geminorum}",
  journal = {\aap},
  eprint  = {astro-ph/0606517},
  keywords  = {star: individual: <ASTROBJ>{$\beta$} Gem</ASTROBJ>,
      techniques: radial velocities, planetary systems},
  year    = 2006,
  month   = oct,
  volume  = 457,
  pages   = {335-341},
  doi   = {10.1051/0004-6361:20065445},
  adsurl  = {http://adsabs.harvard.edu/abs/2006A%26A...457..335H},
  adsnote = {Provided by the SAO/NASA Astrophysics Data System}
}

@Article{   betgemconf2,
  author  = {{Han}, I. and {Lee}, B.-C. and {Kim}, K.-M. and
      {Mkrtichian}, D.~E. },
  title   = "{Confirmation of the Exoplanet around {$\beta$} GEM from
      the RV Observations Using Boes}",
  journal = {Journal of Korean Astronomical Society},
  keywords  = {exoplanet, K-giants, {$\beta$} Gem, radial velocity},
  year    = 2008,
  month   = jun,
  volume  = 41,
  pages   = {59-64},
  doi   = {10.5303/JKAS.2008.41.3.59},
  adsurl  = {http://adsabs.harvard.edu/abs/2008JKAS...41...59H},
  adsnote = {Provided by the SAO/NASA Astrophysics Data System}
}

@Article{hatzes1993,
  author  = {{Hatzes}, A.~P. and {Cochran}, W.~D.},
  title   = "{Long-period radial velocity variations in three K
      giants}",
  journal = {\apj},
  keywords  = {Giant Stars, K Stars, Radial Velocity, Stellar Motions,
      Velocity Measurement, Long Term Effects, Stellar
      Oscillations, Stellar Spectra},
  year    = 1993,
  month   = aug,
  volume  = 413,
  pages   = {339-348},
  doi   = {10.1086/173002},
  adsurl  = {http://adsabs.harvard.edu/abs/1993ApJ...413..339H},
  adsnote = {Provided by the SAO/NASA Astrophysics Data System}
}

@ARTICLE{Hatzes2015,
  author =	 {{Hatzes}, A.~P. and {Cochran}, W.~D. and {Endl},
                  M. and {Guenther}, E.~W. and {MacQueen}, P. and
                  {Hartmann}, M. and {Zechmeister}, M. and {Han},
                  I. and {Lee}, B.-C. and {Walker}, G.~A.~H. and
                  {Yang}, S. and {Larson}, A.~M. and {Kim}, K.-M. and
                  {Mkrtichian}, D.~E. and {D{\"o}llinger}, M. and
                  {Simon}, A.~E. and {Girardi}, L.},
  title =	 "{Long-lived, long-period radial velocity variations
                  in Aldebaran: A planetary companion and stellar
                  activity}",
  journal =	 {\aap},
  archivePrefix ="arXiv",
  eprint =	 {1505.03454},
  primaryClass = "astro-ph.SR",
  keywords =	 {stars: individual: {$\alpha$}Tu, techniques: radial
                  velocities},
  year =	 2015,
  month =	 aug,
  volume =	 580,
  eid =		 {A31},
  pages =	 {A31},
  doi =		 {10.1051/0004-6361/201425519},
  adsurl =	 {http://adsabs.harvard.edu/abs/2015A%26A...580A..31H},
  adsnote =	 {Provided by the SAO/NASA Astrophysics Data System}
}

@ARTICLE{eker2015,
   author = {{Eker}, Z. and {Soydugan}, F. and {Soydugan}, E. and {Bilir}, S. and
  {Yaz G{\"o}k{\c c}e}, E. and {Steer}, I. and {T{\"u}ys{\"u}z}, M. and
  {{\c S}eny{\"u}z}, T. and {Demircan}, O.},
    title = "{Main-Sequence Effective Temperatures from a Revised Mass-Luminosity Relation Based on Accurate Properties}",
  journal = {\aj},
archivePrefix = "arXiv",
   eprint = {1501.06585},
 primaryClass = "astro-ph.SR",
 keywords = {binaries: eclipsing, binaries: spectroscopic, catalogs, stars: fundamental parameters},
     year = 2015,
    month = apr,
   volume = 149,
      eid = {131},
    pages = {131},
      doi = {10.1088/0004-6256/149/4/131},
   adsurl = {http://adsabs.harvard.edu/abs/2015AJ....149..131E},
  adsnote = {Provided by the SAO/NASA Astrophysics Data System}
}


@ARTICLE{mist0,
   author = {{Dotter}, A.},
    title = "{MESA Isochrones and Stellar Tracks (MIST) 0: Methods for the Construction of Stellar Isochrones}",
  journal = {\apjs},
archivePrefix = "arXiv",
   eprint = {1601.05144},
 primaryClass = "astro-ph.SR",
 keywords = {methods: numerical, stars: evolution},
     year = 2016,
    month = jan,
   volume = 222,
      eid = {8},
    pages = {8},
      doi = {10.3847/0067-0049/222/1/8},
   adsurl = {http://adsabs.harvard.edu/abs/2016ApJS..222....8D},
  adsnote = {Provided by the SAO/NASA Astrophysics Data System}
}

@ARTICLE{mist1,
   author = {{Choi}, J. and {Dotter}, A. and {Conroy}, C. and {Cantiello}, M. and
  {Paxton}, B. and {Johnson}, B.~D.},
    title = "{Mesa Isochrones and Stellar Tracks (MIST). I. Solar-scaled Models}",
  journal = {\apj},
archivePrefix = "arXiv",
   eprint = {1604.08592},
 primaryClass = "astro-ph.SR",
 keywords = {stars: evolution, stars: general, stars: interiors},
     year = 2016,
    month = jun,
   volume = 823,
      eid = {102},
    pages = {102},
      doi = {10.3847/0004-637X/823/2/102},
   adsurl = {http://adsabs.harvard.edu/abs/2016ApJ...823..102C},
  adsnote = {Provided by the SAO/NASA Astrophysics Data System}
}

@ARTICLE{decin2003,
   author = {{Decin}, L. and {Vandenbussche}, B. and {Waelkens}, C. and {Decin}, G. and
  {Eriksson}, K. and {Gustafsson}, B. and {Plez}, B. and {Sauval}, A.~J.
  },
    title = "{ISO-SWS calibration and the accurate modelling of cool-star atmospheres.  IV. G9 to M2 stars}",
  journal = {\aap},
   eprint = {astro-ph/0207653},
 keywords = {infrared: stars, stars: atmospheres, stars: late-type, stars: fundamental parameters},
     year = 2003,
    month = mar,
   volume = 400,
    pages = {709-727},
      doi = {10.1051/0004-6361:20021786},
   adsurl = {http://adsabs.harvard.edu/abs/2003A%26A...400..709D},
  adsnote = {Provided by the SAO/NASA Astrophysics Data System}
}

@ARTICLE{assef2009,
   author = {{Assef}, R.~J. and {Gaudi}, B.~S. and {Stanek}, K.~Z.},
    title = "{Detecting Transits of Planetary Companions to Giant Stars}",
  journal = {\apj},
archivePrefix = "arXiv",
   eprint = {0902.4237},
 primaryClass = "astro-ph.EP",
 keywords = {planetary systems, stars: variables: other, techniques: photometric},
     year = 2009,
    month = aug,
   volume = 701,
    pages = {1616-1626},
      doi = {10.1088/0004-637X/701/2/1616},
   adsurl = {http://adsabs.harvard.edu/abs/2009ApJ...701.1616A},
  adsnote = {Provided by the SAO/NASA Astrophysics Data System}
}

@ARTICLE{Kelly2014,
  author =	 {{Kelly}, B.~C. and {Becker}, A.~C. and {Sobolewska},
                  M. and {Siemiginowska}, A. and {Uttley}, P.},
  title =	 "{Flexible and Scalable Methods for Quantifying
                  Stochastic Variability in the Era of Massive
                  Time-domain Astronomical Data Sets}",
  journal =	 {\apj},
  archivePrefix ="arXiv",
  eprint =	 {1402.5978},
  primaryClass = "astro-ph.IM",
  keywords =	 {methods: statistical},
  year =	 2014,
  month =	 jun,
  volume =	 788,
  eid =		 33,
  pages =	 33,
  doi =		 {10.1088/0004-637X/788/1/33},
  adsurl =	 {http://adsabs.harvard.edu/abs/2014ApJ...788...33K},
  adsnote =	 {Provided by the SAO/NASA Astrophysics Data System}
}

@ARTICLE{hipparcos,
   author = {{van Leeuwen}, F.},
    title = "{Validation of the new Hipparcos reduction}",
  journal = {\aap},
archivePrefix = "arXiv",
   eprint = {0708.1752},
 keywords = {space vehicles: instruments, methods: data analysis, catalogs, astrometry, instrumentation: miscellaneous},
     year = 2007,
    month = nov,
   volume = 474,
    pages = {653-664},
      doi = {10.1051/0004-6361:20078357},
   adsurl = {http://adsabs.harvard.edu/abs/2007A%26A...474..653V},
  adsnote = {Provided by the SAO/NASA Astrophysics Data System}
}


@INPROCEEDINGS{hipparcos_phot,
   author = {{van Leeuwen}, F.},
    title = "{The HIPPARCOS Photometry and Variability Annexes}",
booktitle = {Hipparcos - Venice '97},
     year = 1997,
   series = {ESA Special Publication},
   volume = 402,
   editor = {{Bonnet}, R.~M. and {H{\o}g}, E. and {Bernacca}, P.~L. and {Emiliani}, L. and
  {Blaauw}, A. and {Turon}, C. and {Kovalevsky}, J. and {Lindegren}, L. and
  {Hassan}, H. and {Bouffard}, M. and {Strim}, B. and {Heger}, D. and
  {Perryman}, M.~A.~C. and {Woltjer}, L.},
    month = aug,
    pages = {19-24},
   adsurl = {http://adsabs.harvard.edu/abs/1997ESASP.402...19V},
  adsnote = {Provided by the SAO/NASA Astrophysics Data System}
}

@ARTICLE{White2017,
   author = {{White}, T.~R. and {Pope}, B.~J.~S. and {Antoci}, V. and {P{\'a}pics}, P.~I. and
  {Aerts}, C. and {Gies}, D.~R. and {Gordon}, K. and {Huber}, D. and
  {Schaefer}, G.~H. and {Aigrain}, S. and {Albrecht}, S. and {Barclay}, T. and
  {Barentsen}, G. and {Beck}, P.~G. and {Bedding}, T.~R. and {Fredslund Andersen}, M. and
  {Grundahl}, F. and {Howell}, S.~B. and {Ireland}, M.~J. and
  {Murphy}, S.~J. and {Nielsen}, M.~B. and {Silva Aguirre}, V. and
  {Tuthill}, P.~G.},
    title = "{Beyond the Kepler/K2 bright limit: variability in the seven brightest members of the Pleiades}",
  journal = {\mnras},
archivePrefix = "arXiv",
   eprint = {1708.07462},
 primaryClass = "astro-ph.SR",
 keywords = {asteroseismology, techniques: photometric, stars: early type, stars: variables: general, open clusters and associations: individual: Pleiades},
     year = 2017,
    month = nov,
   volume = 471,
    pages = {2882-2901},
      doi = {10.1093/mnras/stx1050},
   adsurl = {http://adsabs.harvard.edu/abs/2017MNRAS.471.2882W},
  adsnote = {Provided by the SAO/NASA Astrophysics Data System}
}

@article{Aigrain2016,
    arxivId = {1603.09167},
    author = {Aigrain, Suzanne and Parviainen, Hannu and Pope, Benjamin},
    keywords = {data analysis,methods,photometry,planetary systems,techniques},
    title = {{K2SC: Flexible systematics correction and detrending of K2 light curves using Gaussian Process regression}},
    url = {http://arxiv.org/abs/1603.09167},
    year = {2016}
}


@Article{   howell14,
  author  = {{Howell}, S.~B. and {Sobeck}, C. and {Haas}, M. and
      {Still}, M. and {Barclay}, T. and {Mullally}, F. and
      {Troeltzsch}, J. and {Aigrain}, S. and {Bryson}, S.~T. and
      {Caldwell}, D. and {Chaplin}, W.~J. and {Cochran}, W.~D.
      and {Huber}, D. and {Marcy}, G.~W. and {Miglio}, A. and
      {Najita}, J.~R. and {Smith}, M. and {Twicken}, J.~D. and
      {Fortney}, J.~J. },
  title   = "{The K2 Mission: Characterization and Early Results}",
  journal = {\pasp},
  archiveprefix = "arXiv",
  eprint  = {1402.5163},
  primaryclass  = "astro-ph.IM",
  keywords  = {Astronomical Instrumentation},
  year    = 2014,
  month   = apr,
  volume  = 126,
  pages   = {398-408},
  doi   = {10.1086/676406},
  adsurl  = {http://adsabs.harvard.edu/abs/2014PASP..126..398H},
  adsnote = {Provided by the SAO/NASA Astrophysics Data System}
}

@Article{   2010pasp..122..131g,
  author  = {{Gilliland}, R.~L. and {Brown}, T.~M. and
      {Christensen-Dalsgaard}, J. and {Kjeldsen}, H. and {Aerts},
      C. and {Appourchaux}, T. and {Basu}, S. and {Bedding},
      T.~R. and {Chaplin}, W.~J. and {Cunha}, M.~S. and {De Cat},
      P. and {De Ridder}, J. and {Guzik}, J.~A. and {Handler}, G.
      and {Kawaler}, S. and {Kiss}, L. and {Kolenberg}, K. and
      {Kurtz}, D.~W. and {Metcalfe}, T.~S. and {Monteiro},
      M.~J.~P.~F.~G. and {Szab{\'o}}, R. and {Arentoft}, T. and
      {Balona}, L. and {Debosscher}, J. and {Elsworth}, Y.~P. and
      {Quirion}, P.-O. and {Stello}, D. and {Su{\'a}rez}, J.~C.
      and {Borucki}, W.~J. and {Jenkins}, J.~M. and {Koch}, D.
      and {Kondo}, Y. and {Latham}, D.~W. and {Rowe}, J.~F. and
      {Steffen}, J.~H.},
  title   = "{Kepler Asteroseismology Program: Introduction and First
      Results}",
  journal = {\pasp},
  archiveprefix = "arXiv",
  eprint  = {1001.0139},
  primaryclass  = "astro-ph.SR",
  year    = 2010,
  month   = feb,
  volume  = 122,
  pages   = {131-143},
  doi   = {10.1086/650399},
  adsurl  = {http://adsabs.harvard.edu/abs/2010PASP..122..131G},
  adsnote = {Provided by the SAO/NASA Astrophysics Data System}
}

@Article{   2010sci...327..977b,
  author  = {{Borucki}, W.~J. and {Koch}, D. and {Basri}, G. and
      {Batalha}, N. and {Brown}, T. and {Caldwell}, D. and
      {Caldwell}, J. and {Christensen-Dalsgaard}, J. and
      {Cochran}, W.~D. and {DeVore}, E. and {Dunham}, E.~W. and
      {Dupree}, A.~K. and {Gautier}, T.~N. and {Geary}, J.~C. and
      {Gilliland}, R. and {Gould}, A. and {Howell}, S.~B. and
      {Jenkins}, J.~M. and {Kondo}, Y. and {Latham}, D.~W. and
      {Marcy}, G.~W. and {Meibom}, S. and {Kjeldsen}, H. and
      {Lissauer}, J.~J. and {Monet}, D.~G. and {Morrison}, D. and
      {Sasselov}, D. and {Tarter}, J. and {Boss}, A. and
      {Brownlee}, D. and {Owen}, T. and {Buzasi}, D. and
      {Charbonneau}, D. and {Doyle}, L. and {Fortney}, J. and
      {Ford}, E.~B. and {Holman}, M.~J. and {Seager}, S. and
      {Steffen}, J.~H. and {Welsh}, W.~F. and {Rowe}, J. and
      {Anderson}, H. and {Buchhave}, L. and {Ciardi}, D. and
      {Walkowicz}, L. and {Sherry}, W. and {Horch}, E. and
      {Isaacson}, H. and {Everett}, M.~E. and {Fischer}, D. and
      {Torres}, G. and {Johnson}, J.~A. and {Endl}, M. and
      {MacQueen}, P. and {Bryson}, S.~T. and {Dotson}, J. and
      {Haas}, M. and {Kolodziejczak}, J. and {Van Cleve}, J. and
      {Chandrasekaran}, H. and {Twicken}, J.~D. and {Quintana},
      E.~V. and {Clarke}, B.~D. and {Allen}, C. and {Li}, J. and
      {Wu}, H. and {Tenenbaum}, P. and {Verner}, E. and
      {Bruhweiler}, F. and {Barnes}, J. and {Prsa}, A.},
  title   = "{Kepler Planet-Detection Mission: Introduction and First
      Results}",
  journal = {Science},
  year    = 2010,
  month   = feb,
  volume  = 327,
  pages   = {977},
  doi   = {10.1126/science.1185402},
  adsurl  = {http://adsabs.harvard.edu/abs/2010Sci...327..977B},
  adsnote = {Provided by the SAO/NASA Astrophysics Data System}
}



@ARTICLE{k2smear,
   author = {{Pope}, B.~J.~S. and {White}, T.~R. and {Huber}, D. and {Murphy}, S.~J. and
  {Bedding}, T.~R. and {Caldwell}, D.~A. and {Sarai}, A. and {Aigrain}, S. and
  {Barclay}, T.},
    title = "{Photometry of very bright stars with Kepler and K2 smear data}",
  journal = {\mnras},
archivePrefix = "arXiv",
   eprint = {1510.00008},
 primaryClass = "astro-ph.IM",
 keywords = {asteroseismology, techniques: photometric, stars: individual: HR 8500, 70 Aqr, HD 178875, stars: variables: general},
     year = 2016,
    month = jan,
   volume = 455,
    pages = {L36-L40},
      doi = {10.1093/mnrasl/slv143},
   adsurl = {http://adsabs.harvard.edu/abs/2016MNRAS.455L..36P},
  adsnote = {Provided by the SAO/NASA Astrophysics Data System}
}


@ARTICLE{k2sc,
   author = {{Aigrain}, S. and {Parviainen}, H. and {Pope}, B.~J.~S.},
    title = "{K2SC: flexible systematics correction and detrending of K2 light curves using Gaussian process regression}",
  journal = {\mnras},
archivePrefix = "arXiv",
   eprint = {1603.09167},
 primaryClass = "astro-ph.SR",
 keywords = {methods: data analysis, planetary systems, stars: rotation},
     year = 2016,
    month = jul,
   volume = 459,
    pages = {2408-2419},
      doi = {10.1093/mnras/stw706},
   adsurl = {http://adsabs.harvard.edu/abs/2016MNRAS.459.2408A},
  adsnote = {Provided by the SAO/NASA Astrophysics Data System}
}

@MISC{k2ps,
   author = {{Parviainen}, H. and {Pope}, B. and {Aigrain}, S.},
    title = "{K2PS: K2 Planet search}",
 keywords = {Software },
howpublished = {Astrophysics Source Code Library},
     year = 2016,
    month = jul,
archivePrefix = "ascl",
   eprint = {1607.010},
   adsurl = {http://adsabs.harvard.edu/abs/2016ascl.soft07010P},
  adsnote = {Provided by the SAO/NASA Astrophysics Data System}
}

@Article{Pope2016,
  author  = {{Pope}, B.~J.~S. and {Parviainen}, H. and {Aigrain}, S.},
  title   = "{Transiting exoplanet candidates from K2 Campaigns 5 and
      6}",
  journal = {\mnras},
  archiveprefix = "arXiv",
  eprint  = {1606.01264},
  primaryclass  = "astro-ph.EP",
  keywords  = {techniques: photometric, planetary systems, stars:
      variables: general},
  year    = 2016,
  month   = oct,
  volume  = 461,
  pages   = {3399-3409},
  doi   = {10.1093/mnras/stw1373},
  adsurl  = {http://adsabs.harvard.edu/abs/2016MNRAS.461.3399P},
  adsnote = {Provided by the SAO/NASA Astrophysics Data System}
}

@inproceedings{maclaurinautograd,
    title = "Autograd: Effortless Gradients in Numpy",
    author = "Maclaurin, Dougal and Duvenaud, David and Adams, Ryan P",
    year = "2015",
    booktitle = "ICML 2015 AutoML Workshop",
    url = "/bib/maclaurin/maclaurinautograd/automl-short.pdf,https://indico.lal.in2p3.fr/event/2914/session/1/contribution/6/3/material/paper/0.pdf,https://github.com/HIPS/autograd",
    keywords = "knet",
}


@Article{lomb,
  author  = {{Lomb}, N.~R.},
  title   = "{Least-squares frequency analysis of unequally spaced
      data}",
  journal = {\apss},
  keywords  = {ASTRONOMY, DATA REDUCTION, LEAST SQUARES METHOD,
      BACKGROUND NOISE, POWER SPECTRA, SINE WAVES, SPECTRUM
      ANALYSIS, STATISTICAL ANALYSIS, VARIABLE STARS},
  year    = 1976,
  month   = feb,
  volume  = 39,
  pages   = {447-462},
  doi   = {10.1007/BF00648343},
  adsurl  = {http://adsabs.harvard.edu/abs/1976Ap%26SS..39..447L},
  adsnote = {Provided by the SAO/NASA Astrophysics Data System}
}

@ARTICLE{scargle,
   author = {{Scargle}, J.~D.},
    title = "{Studies in astronomical time series analysis. II - Statistical aspects of spectral analysis of unevenly spaced data}",
  journal = {\apj},
 keywords = {Astronomy, Signal Detection, Spectrum Analysis, Statistical Distributions, Time Series Analysis, Fourier Transformation, Frequency Response, Power Spectra, Signal To Noise Ratios},
     year = 1982,
    month = dec,
   volume = 263,
    pages = {835-853},
      doi = {10.1086/160554},
   adsurl = {http://adsabs.harvard.edu/abs/1982ApJ...263..835S},
  adsnote = {Provided by the SAO/NASA Astrophysics Data System}
}

@ARTICLE{thetacygwhite,
   author = {{White}, T.~R. and {Huber}, D. and {Maestro}, V. and {Bedding}, T.~R. and
  {Ireland}, M.~J. and {Baron}, F. and {Boyajian}, T.~S. and {Che}, X. and
  {Monnier}, J.~D. and {Pope}, B.~J.~S. and {Roettenbacher}, R.~M. and
  {Stello}, D. and {Tuthill}, P.~G. and {Farrington}, C.~D. and
  {Goldfinger}, P.~J. and {McAlister}, H.~A. and {Schaefer}, G.~H. and
  {Sturmann}, J. and {Sturmann}, L. and {ten Brummelaar}, T.~A. and
  {Turner}, N.~H.},
    title = "{Interferometric radii of bright Kepler stars with the CHARA Array: {\thetas} Cygni and 16 Cygni A and B}",
  journal = {\mnras},
archivePrefix = "arXiv",
   eprint = {1305.1934},
 primaryClass = "astro-ph.SR",
 keywords = {techniques: interferometric, stars: individual: {\thetas} Cygni, stars: individual: 16 Cygni A, stars: individual: 16 Cygni B, stars: oscillations},
     year = 2013,
    month = aug,
   volume = 433,
    pages = {1262-1270},
      doi = {10.1093/mnras/stt802},
   adsurl = {http://adsabs.harvard.edu/abs/2013MNRAS.433.1262W},
  adsnote = {Provided by the SAO/NASA Astrophysics Data System}
}

@ARTICLE{guzik2011,
   author = {{Guzik}, J.~A. and {Houdek}, G. and {Chaplin}, W.~J. and {Kurtz}, D. and
  {Gilliland}, R.~L. and {Mullally}, F. and {Rowe}, J.~F. and
  {Haas}, M.~R. and {Bryson}, S.~T. and {Still}, M.~D. and {Boyajian}, T.
  },
    title = "{Observational Constraints, Stellar Models, and Kepler Data for theta Cyg, the Brightest Star Observable by Kepler}",
  journal = {ArXiv e-prints},
archivePrefix = "arXiv",
   eprint = {1110.2120},
 primaryClass = "astro-ph.SR",
 keywords = {Astrophysics - Solar and Stellar Astrophysics},
     year = 2011,
    month = oct,
   adsurl = {http://adsabs.harvard.edu/abs/2011arXiv1110.2120G},
  adsnote = {Provided by the SAO/NASA Astrophysics Data System}
}

@ARTICLE{guzik2016,
   author = {{Guzik}, J.~A. and {Houdek}, G. and {Chaplin}, W.~J. and {Smalley}, B. and
  {Kurtz}, D.~W. and {Gilliland}, R.~L. and {Mullally}, F. and
  {Rowe}, J.~F. and {Bryson}, S.~T. and {Still}, M.~D. and {Antoci}, V. and
  {Appourchaux}, T. and {Basu}, S. and {Bedding}, T.~R. and {Benomar}, O. and
  {Garcia}, R.~A. and {Huber}, D. and {Kjeldsen}, H. and {Latham}, D.~W. and
  {Metcalfe}, T.~S. and {P{\'a}pics}, P.~I. and {White}, T.~R. and
  {Aerts}, C. and {Ballot}, J. and {Boyajian}, T.~S. and {Briquet}, M. and
  {Bruntt}, H. and {Buchhave}, L.~A. and {Campante}, T.~L. and
  {Catanzaro}, G. and {Christensen-Dalsgaard}, J. and {Davies}, G.~R. and
  {Do{\u g}an}, G. and {Dragomir}, D. and {Doyle}, A.~P. and {Elsworth}, Y. and
  {Frasca}, A. and {Gaulme}, P. and {Gruberbauer}, M. and {Handberg}, R. and
  {Hekker}, S. and {Karoff}, C. and {Lehmann}, H. and {Mathias}, P. and
  {Mathur}, S. and {Miglio}, A. and {Molenda-{\.Z}akowicz}, J. and
  {Mosser}, B. and {Murphy}, S.~J. and {R{\'e}gulo}, C. and {Ripepi}, V. and
  {Salabert}, D. and {Sousa}, S.~G. and {Stello}, D. and {Uytterhoeven}, K.
  },
    title = "{Detection of Solar-like Oscillations, Observational Constraints, and Stellar Models for {\thetas} Cyg, the Brightest Star Observed By the Kepler Mission}",
  journal = {\apj},
archivePrefix = "arXiv",
   eprint = {1607.01035},
 primaryClass = "astro-ph.SR",
 keywords = {asteroseismology, stars: fundamental parameters, stars: interiors, stars: solar-type},
     year = 2016,
    month = nov,
   volume = 831,
      eid = {17},
    pages = {17},
      doi = {10.3847/0004-637X/831/1/17},
   adsurl = {http://adsabs.harvard.edu/abs/2016ApJ...831...17G},
  adsnote = {Provided by the SAO/NASA Astrophysics Data System}
}


@Article{PER-GRA:2007, Author = {P\'erez, Fernando and Granger, Brian E.}, Title = {{IP}ython: a System for Interactive Scientific Computing}, Journal = {Computing in Science and Engineering}, Volume = {9}, Number = {3}, Pages = {21--29}, month = may, year = 2007, url = "http://ipython.org", ISSN = "1521-9615", doi = {10.1109/MCSE.2007.53}, publisher = {IEEE Computer Society}, }

@misc{scipy, title = {{SciPy}: Open source scientific tools for Python}, url = {http://www.scipy.org/}, author = {Jones, E. and Oliphant, T. and Peterson, P. and Others}, year = {2001} }

@Article{Hunter:2007, Author = {Hunter, J. D.}, Title = {Matplotlib: A 2D graphics environment}, Journal = {Computing In Science \& Engineering}, Volume = {9}, Number = {3}, Pages = {90--95}, abstract = {Matplotlib is a 2D graphics package used for Python for application development, interactive scripting, and publication-quality image generation across user interfaces and operating systems.}, publisher = {IEEE COMPUTER SOC}, year = 2007 }

@ARTICLE{2013A&A...558A..33A, author = {{Astropy Collaboration} and {Robitaille}, T.~P. and {Tollerud}, E.~J. and {Greenfield}, P. and {Droettboom}, M. and {Bray}, E. and {Aldcroft}, T. and {Davis}, M. and {Ginsburg}, A. and {Price-Whelan}, A.~M. and {Kerzendorf}, W.~E. and {Conley}, A. and {Crighton}, N. and {Barbary}, K. and {Muna}, D. and {Ferguson}, H. and {Grollier}, F. and {Parikh}, M.~M. and {Nair}, P.~H. and {Unther}, H.~M. and {Deil}, C. and {Woillez}, J. and {Conseil}, S. and {Kramer}, R. and {Turner}, J.~E.~H. and {Singer}, L. and {Fox}, R. and {Weaver}, B.~A. and {Zabalza}, V. and {Edwards}, Z.~I. and {Azalee Bostroem}, K. and {Burke}, D.~J. and {Casey}, A.~R. and {Crawford}, S.~M. and {Dencheva}, N. and {Ely}, J. and {Jenness}, T. and {Labrie}, K. and {Lim}, P.~L. and {Pierfederici}, F. and {Pontzen}, A. and {Ptak}, A. and {Refsdal}, B. and {Servillat}, M. and {Streicher}, O.}, title = "{Astropy: A community Python package for astronomy}", journal = {\aap}, archivePrefix = "arXiv", eprint = {1307.6212}, primaryClass = "astro-ph.IM", keywords = {methods: data analysis, methods: miscellaneous, virtual observatory tools}, year = 2013, month = oct, volume = 558, eid = {A33}, pages = {A33}, doi = {10.1051/0004-6361/201322068}, adsurl = {http://adsabs.harvard.edu/abs/2013A%26A...558A..33A}, adsnote = {Provided by the SAO/NASA Astrophysics Data System} }

@article{van2011numpy, title={The NumPy array: a structure for efficient numerical computation}, author={Van Der Walt, Stefan and Colbert, S Chris and Varoquaux, Gael}, journal={Computing in Science \& Engineering}, volume={13}, number={2}, pages={22--30}, year={2011}, publisher={AIP Publishing} }


@ARTICLE{2017North,
   author = {{North}, T.~S.~H. and {Campante}, T.~L. and {Miglio}, A. and
	{Davies}, G.~R. and {Grunblatt}, S.~K. and {Huber}, D. and {Kuszlewicz}, J.~S. and
	{Lund}, M.~N. and {Cooke}, B.~F. and {Chaplin}, W.~J.},
    title = "{The masses of retired A stars with asteroseismology: Kepler and K2 observations of exoplanet hosts}",
  journal = {ArXiv e-prints},
archivePrefix = "arXiv",
   eprint = {1708.00716},
 primaryClass = "astro-ph.SR",
 keywords = {Astrophysics - Solar and Stellar Astrophysics, Astrophysics - Earth and Planetary Astrophysics},
     year = 2017,
    month = aug,
   adsurl = {http://adsabs.harvard.edu/abs/2017arXiv170800716N},
  adsnote = {Provided by the SAO/NASA Astrophysics Data System}
}
@ARTICLE{Kjeldsen95,
 author = {{Kjeldsen}, H. and {Bedding}, T.~R.},
    title = "{Amplitudes of stellar oscillations: the implications for asteroseismology.}",
  journal = {\aap},
   eprint = {astro-ph/9403015},
 keywords = {SUN: OSCILLATIONS, STARS: INDIVIDUAL: $\{$ALPHA$\}$ CEN, STARS: INDIVIDUAL: PROCYON, STARS: OSCILLATIONS, CEPHEIDS, $\{$DELTA$\}$ SCT},
     year = 1995,
    month = jan,
   volume = 293,
   adsurl = {http://adsabs.harvard.edu/abs/1995A%26A...293...87K},
  adsnote = {Provided by the SAO/NASA Astrophysics Data System}
}
@ARTICLE{Torres2010,
   author = {{Torres}, G.},
    title = "{On the Use of Empirical Bolometric Corrections for Stars}",
  journal = {\aj},
archivePrefix = "arXiv",
   eprint = {1008.3913},
 primaryClass = "astro-ph.SR",
 keywords = {stars: fundamental parameters, stars: general, Sun: fundamental parameters, Sun: general},
     year = 2010,
    month = nov,
   volume = 140,
    pages = {1158-1162},
      doi = {10.1088/0004-6256/140/5/1158},
   adsurl = {http://adsabs.harvard.edu/abs/2010AJ....140.1158T},
  adsnote = {Provided by the SAO/NASA Astrophysics Data System}
}

@ARTICLE{Torres2008,
   author = {{Torres}, G. and {Winn}, J.~N. and {Holman}, M.~J.},
    title = "{Improved Parameters for Extrasolar Transiting Planets}",
  journal = {\apj},
archivePrefix = "arXiv",
   eprint = {0801.1841},
 keywords = {methods: data analysis, planetary systems, stars: abundances, stars: fundamental parameters, techniques: spectroscopic },
     year = 2008,
    month = apr,
   volume = 677,
      eid = {1324-1342},
    pages = {1324-1342},
      doi = {10.1086/529429},
   adsurl = {http://adsabs.harvard.edu/abs/2008ApJ...677.1324T},
  adsnote = {Provided by the SAO/NASA Astrophysics Data System}
}

@ARTICLE{pijpers2003,
   author = {{Pijpers}, F.~P.},
    title = "{Selection criteria for targets of asteroseismic campaigns}",
  journal = {\aap},
   eprint = {astro-ph/0303032},
 keywords = {stars: oscillations, stars: evolution, stars: fundamental parameters},
     year = 2003,
    month = mar,
   volume = 400,
    pages = {241-248},
      doi = {10.1051/0004-6361:20021839},
   adsurl = {http://adsabs.harvard.edu/abs/2003A%26A...400..241P},
  adsnote = {Provided by the SAO/NASA Astrophysics Data System}
}
@ARTICLE{1975Maeder,
   author = {{Maeder}, A.},
    title = "{Stellar evolution. III - The overshooting from convective cores}",
  journal = {\aap},
 keywords = {Convective Flow, Mixing Length Flow Theory, Stellar Evolution, Stellar Structure, Astronomical Models, Equations Of Motion, Iterative Solution, Numerical Analysis, Stellar Mass},
     year = 1975,
    month = may,
   volume = 40,
    pages = {303-310},
   adsurl = {http://adsabs.harvard.edu/abs/1975A%26A....40..303M},
  adsnote = {Provided by the SAO/NASA Astrophysics Data System}
}

@ARTICLE{1966Kris,
   author = {{Krishna Swamy}, K.~S.},
    title = "{Profiles of Strong Lines in K-Dwarfs}",
  journal = {\apj},
     year = 1966,
    month = jul,
   volume = 145,
    pages = {174},
      doi = {10.1086/148752},
   adsurl = {http://adsabs.harvard.edu/abs/1966ApJ...145..174K},
  adsnote = {Provided by the SAO/NASA Astrophysics Data System}
}

@ARTICLE{1999Angulo,
   author = {{Angulo}, C. and {Arnould}, M. and {Rayet}, M. and {Descouvemont}, P. and
	{Baye}, D. and {Leclercq-Willain}, C. and {Coc}, A. and {Barhoumi}, S. and
	{Aguer}, P. and {Rolfs}, C. and {Kunz}, R. and {Hammer}, J.~W. and
	{Mayer}, A. and {Paradellis}, T. and {Kossionides}, S. and {Chronidou}, C. and
	{Spyrou}, K. and {degl'Innocenti}, S. and {Fiorentini}, G. and
	{Ricci}, B. and {Zavatarelli}, S. and {Providencia}, C. and
	{Wolters}, H. and {Soares}, J. and {Grama}, C. and {Rahighi}, J. and
	{Shotter}, A. and {Lamehi Rachti}, M.},
    title = "{A compilation of charged-particle induced thermonuclear reaction rates}",
  journal = {Nuclear Physics A},
     year = 1999,
    month = aug,
   volume = 656,
    pages = {3-183},
      doi = {10.1016/S0375-9474(99)00030-5},
   adsurl = {http://adsabs.harvard.edu/abs/1999NuPhA.656....3A},
  adsnote = {Provided by the SAO/NASA Astrophysics Data System}
}

@ARTICLE{2005Ferguson,
   author = {{Ferguson}, J.~W. and {Alexander}, D.~R. and {Allard}, F. and
	{Barman}, T. and {Bodnarik}, J.~G. and {Hauschildt}, P.~H. and
	{Heffner-Wong}, A. and {Tamanai}, A.},
    title = "{Low-Temperature Opacities}",
  journal = {\apj},
   eprint = {astro-ph/0502045},
 keywords = {Atomic Data, Equation of State, Methods: Numerical, Molecular Data},
     year = 2005,
    month = apr,
   volume = 623,
    pages = {585-596},
      doi = {10.1086/428642},
   adsurl = {http://adsabs.harvard.edu/abs/2005ApJ...623..585F},
  adsnote = {Provided by the SAO/NASA Astrophysics Data System}
}

@ARTICLE{1996Iglesias,
   author = {{Iglesias}, C.~A. and {Rogers}, F.~J.},
    title = "{Updated Opal Opacities}",
  journal = {\apj},
 keywords = {ATOMIC DATA, ATOMIC PROCESSES, STARS: INTERIORS},
     year = 1996,
    month = jun,
   volume = 464,
    pages = {943},
      doi = {10.1086/177381},
   adsurl = {http://adsabs.harvard.edu/abs/1996ApJ...464..943I},
  adsnote = {Provided by the SAO/NASA Astrophysics Data System}
}

@ARTICLE{2002Rogers,
   author = {{Rogers}, F.~J. and {Nayfonov}, A.},
    title = "{Updated and Expanded OPAL Equation-of-State Tables: Implications for Helioseismology}",
  journal = {\apj},
 keywords = {Atomic Processes, Equation of State, Sun: Oscillations},
     year = 2002,
    month = sep,
   volume = 576,
    pages = {1064-1074},
      doi = {10.1086/341894},
   adsurl = {http://adsabs.harvard.edu/abs/2002ApJ...576.1064R},
  adsnote = {Provided by the SAO/NASA Astrophysics Data System}
}

@ARTICLE{1993Grevesse,
   author = {{Grevesse}, N. and {Noels}, A.},
    title = "{Atomic data and the spectrum of the solar photosphere.}",
  journal = {Physica Scripta Volume T},
 keywords = {Solar Photosphere: Element Abundances},
     year = 1993,
   volume = 47,
    pages = {133-138},
      doi = {10.1088/0031-8949/1993/T47/021},
   adsurl = {http://adsabs.harvard.edu/abs/1993PhST...47..133G},
  adsnote = {Provided by the SAO/NASA Astrophysics Data System}
}

@ARTICLE{2017Rod,
   author = {{Rodrigues}, T.~S. and {Bossini}, D. and {Miglio}, A. and {Girardi}, L. and
	{Montalb{\'a}n}, J. and {Noels}, A. and {Trabucchi}, M. and
	{Coelho}, H.~R. and {Marigo}, P.},
    title = "{Determining stellar parameters of asteroseismic targets: going beyond the use of scaling relations}",
  journal = {\mnras},
archivePrefix = "arXiv",
   eprint = {1701.04791},
 primaryClass = "astro-ph.SR",
 keywords = {Hertzsprung, Russell and colour, magnitude diagrams, stars: fundamental parameters, Hertzsprung-Russell and colour-magnitude diagrams},
     year = 2017,
    month = may,
   volume = 467,
    pages = {1433-1448},
      doi = {10.1093/mnras/stx120},
   adsurl = {http://adsabs.harvard.edu/abs/2017MNRAS.467.1433R},
  adsnote = {Provided by the SAO/NASA Astrophysics Data System}
}

@ARTICLE{2013Paxton,
   author = {{Paxton}, B. and {Cantiello}, M. and {Arras}, P. and {Bildsten}, L. and
	{Brown}, E.~F. and {Dotter}, A. and {Mankovich}, C. and {Montgomery}, M.~H. and
	{Stello}, D. and {Timmes}, F.~X. and {Townsend}, R.},
    title = "{Modules for Experiments in Stellar Astrophysics (MESA): Planets, Oscillations, Rotation, and Massive Stars}",
  journal = {\apjs},
archivePrefix = "arXiv",
   eprint = {1301.0319},
 primaryClass = "astro-ph.SR",
 keywords = {asteroseismology, methods: numerical, planets and satellites: physical evolution, stars: evolution, stars: massive, stars: rotation},
     year = 2013,
    month = sep,
   volume = 208,
      eid = {4},
    pages = {4},
      doi = {10.1088/0067-0049/208/1/4},
   adsurl = {http://adsabs.harvard.edu/abs/2013ApJS..208....4P},
  adsnote = {Provided by the SAO/NASA Astrophysics Data System}
}

@ARTICLE{2011Paxton,
   author = {{Paxton}, B. and {Bildsten}, L. and {Dotter}, A. and {Herwig}, F. and
	{Lesaffre}, P. and {Timmes}, F.},
    title = "{Modules for Experiments in Stellar Astrophysics (MESA)}",
  journal = {\apjs},
archivePrefix = "arXiv",
   eprint = {1009.1622},
 primaryClass = "astro-ph.SR",
 keywords = {methods: numerical, stars: evolution, stars: general},
     year = 2011,
    month = jan,
   volume = 192,
      eid = {3},
    pages = {3},
      doi = {10.1088/0067-0049/192/1/3},
   adsurl = {http://adsabs.harvard.edu/abs/2011ApJS..192....3P},
  adsnote = {Provided by the SAO/NASA Astrophysics Data System}
}
@ARTICLE{2006dasilva,
   author = {{da Silva}, L. and {Girardi}, L. and {Pasquini}, L. and {Setiawan}, J. and
	{von der L{\"u}he}, O. and {de Medeiros}, J.~R. and {Hatzes}, A. and
	{D{\"o}llinger}, M.~P. and {Weiss}, A.},
    title = "{Basic physical parameters of a selected sample of evolved stars}",
  journal = {\aap},
   eprint = {astro-ph/0608160},
 keywords = {stars: fundamental parameters, stars: evolution, stars: oscillations, Hertzsprung-Russell (HR) and C-M diagrams, stars: late-type, stars: luminosity function, mass function},
     year = 2006,
    month = nov,
   volume = 458,
    pages = {609-623},
      doi = {10.1051/0004-6361:20065105},
   adsurl = {http://adsabs.harvard.edu/abs/2006A%26A...458..609D},
  adsnote = {Provided by the SAO/NASA Astrophysics Data System}
}
@ARTICLE{2008Massarotti,
   author = {{Massarotti}, A. and {Latham}, D.~W. and {Stefanik}, R.~P. and
	{Fogel}, J.},
    title = "{Rotational and Radial Velocities for a Sample of 761 HIPPARCOS Giants and the Role of Binarity}",
  journal = {\aj},
 keywords = {stars: AGB and post-AGB, stars: evolution, stars: rotation, binaries: spectroscopic, planetary systems, techniques: spectroscopic},
     year = 2008,
    month = jan,
   volume = 135,
    pages = {209-231},
      doi = {10.1088/0004-6256/135/1/209},
   adsurl = {http://adsabs.harvard.edu/abs/2008AJ....135..209M},
  adsnote = {Provided by the SAO/NASA Astrophysics Data System}
}

@ARTICLE{2011Prugniel,
   author = {{Prugniel}, P. and {Vauglin}, I. and {Koleva}, M.},
    title = "{The atmospheric parameters and spectral interpolator for the MILES stars}",
  journal = {\aap},
archivePrefix = "arXiv",
   eprint = {1104.4952},
 keywords = {stars: fundamental parameters, galaxies: stellar content, stars: abundances},
     year = 2011,
    month = jul,
   volume = 531,
      eid = {A165},
    pages = {A165},
      doi = {10.1051/0004-6361/201116769},
   adsurl = {http://adsabs.harvard.edu/abs/2011A%26A...531A.165P},
  adsnote = {Provided by the SAO/NASA Astrophysics Data System}
}


@ARTICLE{brewer2009,
   author = {{Brewer}, B.~J. and {Stello}, D.},
    title = "{Gaussian process modelling of asteroseismic data}",
  journal = {\mnras},
archivePrefix = "arXiv",
   eprint = {0902.3907},
 primaryClass = "astro-ph.SR",
 keywords = {methods: statistical , stars: individual: {$\xi$}Hydrae , stars: oscillations},
     year = 2009,
    month = jun,
   volume = 395,
    pages = {2226-2233},
      doi = {10.1111/j.1365-2966.2009.14679.x},
   adsurl = {http://adsabs.harvard.edu/abs/2009MNRAS.395.2226B},
  adsnote = {Provided by the SAO/NASA Astrophysics Data System}
}


@ARTICLE{2014MNRAS.443.2517H,
   author = {{Haywood}, R.~D. and {Collier Cameron}, A. and {Queloz}, D. and
  {Barros}, S.~C.~C. and {Deleuil}, M. and {Fares}, R. and {Gillon}, M. and
  {Lanza}, A.~F. and {Lovis}, C. and {Moutou}, C. and {Pepe}, F. and
  {Pollacco}, D. and {Santerne}, A. and {S{\'e}gransan}, D. and
  {Unruh}, Y.~C.},
    title = "{Planets and stellar activity: hide and seek in the CoRoT-7 system}",
  journal = {\mnras},
archivePrefix = "arXiv",
   eprint = {1407.1044},
 primaryClass = "astro-ph.EP",
 keywords = {techniques: radial velocities, stars: activity, stars: individual: CoRoT-7, planetary systems},
     year = 2014,
    month = sep,
   volume = 443,
    pages = {2517-2531},
      doi = {10.1093/mnras/stu1320},
   adsurl = {http://adsabs.harvard.edu/abs/2014MNRAS.443.2517H},
  adsnote = {Provided by the SAO/NASA Astrophysics Data System}
}

@ARTICLE{2015MNRAS.452.2269R,
   author = {{Rajpaul}, V. and {Aigrain}, S. and {Osborne}, M.~A. and {Reece}, S. and
  {Roberts}, S.},
    title = "{A Gaussian process framework for modelling stellar activity signals in radial velocity data}",
  journal = {\mnras},
archivePrefix = "arXiv",
   eprint = {1506.07304},
 primaryClass = "astro-ph.EP",
 keywords = {methods: data analysis, techniques: radial velocities, stars: activity, stars: individual: Alpha Centauri B, stars: individual: Gliese 15 A, planetary systems},
     year = 2015,
    month = sep,
   volume = 452,
    pages = {2269-2291},
      doi = {10.1093/mnras/stv1428},
   adsurl = {http://adsabs.harvard.edu/abs/2015MNRAS.452.2269R},
  adsnote = {Provided by the SAO/NASA Astrophysics Data System}
}

@ARTICLE{2002ApJ...576..478F,
   author = {{Frink}, S. and {Mitchell}, D.~S. and {Quirrenbach}, A. and
  {Fischer}, D.~A. and {Marcy}, G.~W. and {Butler}, R.~P.},
    title = "{Discovery of a Substellar Companion to the K2 III Giant {$\iota$} Draconis}",
  journal = {\apj},
 keywords = {Astrometry, Stars: Planetary Systems, Stars: Individual: Constellation Name: {$\iota$} Draconis},
     year = 2002,
    month = sep,
   volume = 576,
    pages = {478-484},
      doi = {10.1086/341629},
   adsurl = {http://adsabs.harvard.edu/abs/2002ApJ...576..478F},
  adsnote = {Provided by the SAO/NASA Astrophysics Data System}
}

@ARTICLE{2018arXiv180105239H,
   author = {{Hatzes}, A.~P. and {Endl}, M. and {Cochran}, W.~D. and {MacQueen}, P.~J. and
  {Han}, I. and {Lee}, B.-C. and {Kim}, K.-M. and {Mkrtichian}, D. and
  {Doellinger}, M. and {Hartmann}, M. and {Karjalainen}, M. and
  {Dreizler}, S.},
    title = "{The Radial Velocity Variability of the K-giant Gamma Draconis: Stellar Variability Masquerading as a Planet}",
  journal = {ArXiv e-prints},
archivePrefix = "arXiv",
   eprint = {1801.05239},
 primaryClass = "astro-ph.SR",
 keywords = {Astrophysics - Solar and Stellar Astrophysics},
     year = 2018,
    month = jan,
   adsurl = {http://adsabs.harvard.edu/abs/2018arXiv180105239H},
  adsnote = {Provided by the SAO/NASA Astrophysics Data System}
}


@ARTICLE{2015MNRAS.452.3863S,
   author = {{Saio}, H. and {Wood}, P.~R. and {Takayama}, M. and {Ita}, Y.
  },
    title = "{Oscillatory convective modes in red giants: a possible explanation of the long secondary periods}",
  journal = {\mnras},
archivePrefix = "arXiv",
   eprint = {1507.03430},
 primaryClass = "astro-ph.SR",
 keywords = {convection, stars: AGB and post-AGB, stars: late-type, stars: low-mass, stars: oscillations},
     year = 2015,
    month = oct,
   volume = 452,
    pages = {3863-3868},
      doi = {10.1093/mnras/stv1587},
   adsurl = {http://adsabs.harvard.edu/abs/2015MNRAS.452.3863S},
  adsnote = {Provided by the SAO/NASA Astrophysics Data System}
}


@ARTICLE{2009ApJ...707..573W,
   author = {{Wood}, P.~R. and {Nicholls}, C.~P.},
    title = "{Evidence for Mass Ejection Associated with Long Secondary Periods in Red Giants}",
  journal = {\apj},
archivePrefix = "arXiv",
   eprint = {0910.4418},
 primaryClass = "astro-ph.SR",
 keywords = {binaries: general, circumstellar matter, stars: AGB and post-AGB, stars: low-mass, brown dwarfs, stars: mass loss, stars: variables: other},
     year = 2009,
    month = dec,
   volume = 707,
    pages = {573-579},
      doi = {10.1088/0004-637X/707/1/573},
   adsurl = {http://adsabs.harvard.edu/abs/2009ApJ...707..573W},
  adsnote = {Provided by the SAO/NASA Astrophysics Data System}
}


@ARTICLE{2008ApJ...673..502K,
   author = {{Kennedy}, G.~M. and {Kenyon}, S.~J.},
    title = "{Planet Formation around Stars of Various Masses: The Snow Line and the Frequency of Giant Planets}",
  journal = {\apj},
archivePrefix = "arXiv",
   eprint = {0710.1065},
 keywords = {planetary systems: formation, planetary systems: protoplanetary disks, stars: evolution, stars: formation},
     year = 2008,
    month = jan,
   volume = 673,
      eid = {502-512},
    pages = {502-512},
      doi = {10.1086/524130},
   adsurl = {http://adsabs.harvard.edu/abs/2008ApJ...673..502K},
  adsnote = {Provided by the SAO/NASA Astrophysics Data System}
}

@ARTICLE{2015A&A...573L...6O,
   author = {{Ortiz}, M. and {Gandolfi}, D. and {Reffert}, S. and {Quirrenbach}, A. and
  {Deeg}, H.~J. and {Karjalainen}, R. and {Monta{\~n}{\'e}s-Rodr{\'{\i}}guez}, P. and
  {Nespral}, D. and {Nowak}, G. and {Osorio}, Y. and {Palle}, E.
  },
    title = "{Kepler-432 b: a massive warm Jupiter in a 52-day eccentric orbit transiting a giant star}",
  journal = {\aap},
archivePrefix = "arXiv",
   eprint = {1410.3000},
 primaryClass = "astro-ph.EP",
 keywords = {planets and satellites: detection, planets and satellites: fundamental parameters, planets and satellites: gaseous planets, planets and satellites: general, stars: individual: Kepler-432 (KOI-1299, KIC 10864656)},
     year = 2015,
    month = jan,
   volume = 573,
      eid = {L6},
    pages = {L6},
      doi = {10.1051/0004-6361/201425146},
   adsurl = {http://adsabs.harvard.edu/abs/2015A%26A...573L...6O},
  adsnote = {Provided by the SAO/NASA Astrophysics Data System}
}


@ARTICLE{2016AJ....152..185G,
   author = {{Grunblatt}, S.~K. and {Huber}, D. and {Gaidos}, E.~J. and {Lopez}, E.~D. and
  {Fulton}, B.~J. and {Vanderburg}, A. and {Barclay}, T. and {Fortney}, J.~J. and
  {Howard}, A.~W. and {Isaacson}, H.~T. and {Mann}, A.~W. and
  {Petigura}, E. and {Silva Aguirre}, V. and {Sinukoff}, E.~J.
  },
    title = "{K2-97b: A (Re-?)Inflated Planet Orbiting a Red Giant Star}",
  journal = {\aj},
archivePrefix = "arXiv",
   eprint = {1606.05818},
 primaryClass = "astro-ph.EP",
 keywords = {asteroseismology, planets and satellites: detection, planets and satellites: gaseous planets, planets and satellites: physical evolution, planet{\ndash}star interactions},
     year = 2016,
    month = dec,
   volume = 152,
      eid = {185},
    pages = {185},
      doi = {10.3847/0004-6256/152/6/185},
   adsurl = {http://adsabs.harvard.edu/abs/2016AJ....152..185G},
  adsnote = {Provided by the SAO/NASA Astrophysics Data System}
}

@ARTICLE{2014A&A...562A.109L,
   author = {{Lillo-Box}, J. and {Barrado}, D. and {Moya}, A. and {Montesinos}, B. and
  {Montalb{\'a}n}, J. and {Bayo}, A. and {Barbieri}, M. and {R{\'e}gulo}, C. and
  {Mancini}, L. and {Bouy}, H. and {Henning}, T.},
    title = "{Kepler-91b: a planet at the end of its life. Planet and giant host star properties via light-curve variations}",
  journal = {\aap},
archivePrefix = "arXiv",
   eprint = {1312.3943},
 primaryClass = "astro-ph.EP",
 keywords = {planets and satellites: fundamental parameters, planets and satellites: detection, stars: oscillations, planets and satellites: dynamical evolution and stability, asteroseismology},
     year = 2014,
    month = feb,
   volume = 562,
      eid = {A109},
    pages = {A109},
      doi = {10.1051/0004-6361/201322001},
   adsurl = {http://adsabs.harvard.edu/abs/2014A%26A...562A.109L},
  adsnote = {Provided by the SAO/NASA Astrophysics Data System}
}


@ARTICLE{2017AJ....154..254G,
   author = {{Grunblatt}, S.~K. and {Huber}, D. and {Gaidos}, E. and {Lopez}, E.~D. and
  {Howard}, A.~W. and {Isaacson}, H.~T. and {Sinukoff}, E. and
  {Vanderburg}, A. and {Nofi}, L. and {Yu}, J. and {North}, T.~S.~H. and
  {Chaplin}, W. and {Foreman-Mackey}, D. and {Petigura}, E. and
  {Ansdell}, M. and {Weiss}, L. and {Fulton}, B. and {Lin}, D.~N.~C.
  },
    title = "{Seeing Double with K2: Testing Re-inflation with Two Remarkably Similar Planets around Red Giant Branch Stars}",
  journal = {\aj},
archivePrefix = "arXiv",
   eprint = {1706.05865},
 primaryClass = "astro-ph.EP",
 keywords = {planet{\ndash}star interactions, planets and satellites: detection, planets and satellites: gaseous planets, planets and satellites: physical evolution, stars: fundamental parameters, stars: oscillations},
     year = 2017,
    month = dec,
   volume = 154,
      eid = {254},
    pages = {254},
      doi = {10.3847/1538-3881/aa932d},
   adsurl = {http://adsabs.harvard.edu/abs/2017AJ....154..254G},
  adsnote = {Provided by the SAO/NASA Astrophysics Data System}
}

@ARTICLE{2005PASJ...57...97S,
   author = {{Sato}, B. and {Kambe}, E. and {Takeda}, Y. and {Izumiura}, H. and
  {Masuda}, S. and {Ando}, H.},
    title = "{Radial-Velocity Variability of G-Type Giants: First Three Years of the Okayama Planet Search Program}",
  journal = {\pasj},
 keywords = {stars: late-type, stars: planetary systems, techniques: radial velocities},
     year = 2005,
    month = feb,
   volume = 57,
    pages = {97-107},
      doi = {10.1093/pasj/57.1.97},
   adsurl = {http://adsabs.harvard.edu/abs/2005PASJ...57...97S},
  adsnote = {Provided by the SAO/NASA Astrophysics Data System}
}

@ARTICLE{2014A&A...566A.113J,
   author = {{Jones}, M.~I. and {Jenkins}, J.~S. and {Bluhm}, P. and {Rojo}, P. and
  {Melo}, C.~H.~F.},
    title = "{The properties of planets around giant stars}",
  journal = {\aap},
archivePrefix = "arXiv",
   eprint = {1406.0884},
 primaryClass = "astro-ph.EP",
 keywords = {planetary systems, techniques: radial velocities, stars: evolution},
     year = 2014,
    month = jun,
   volume = 566,
      eid = {A113},
    pages = {A113},
      doi = {10.1051/0004-6361/201323345},
   adsurl = {http://adsabs.harvard.edu/abs/2014A%26A...566A.113J},
  adsnote = {Provided by the SAO/NASA Astrophysics Data System}
}

@ARTICLE{2012Sheffield,
   author = {{Sheffield}, A.~A. and {Majewski}, S.~R. and {Johnston}, K.~V. and
	{Cunha}, K. and {Smith}, V.~V. and {Cheung}, A.~M. and {Hampton}, C.~M. and
	{David}, T.~J. and {Wagner-Kaiser}, R. and {Johnson}, M.~C. and
	{Kaplan}, E. and {Miller}, J. and {Patterson}, R.~J.},
    title = "{Identifying Contributions to the Stellar Halo from Accreted, Kicked-out, and In Situ Populations}",
  journal = {\apj},
archivePrefix = "arXiv",
   eprint = {1202.5310},
 primaryClass = "astro-ph.GA",
 keywords = {Galaxy: disk, Galaxy: evolution, Galaxy: formation, Galaxy: halo, Galaxy: kinematics and dynamics, solar neighborhood, stars: abundances},
     year = 2012,
    month = dec,
   volume = 761,
      eid = {161},
    pages = {161},
      doi = {10.1088/0004-637X/761/2/161},
   adsurl = {http://adsabs.harvard.edu/abs/2012ApJ...761..161S},
  adsnote = {Provided by the SAO/NASA Astrophysics Data System}
}
@ARTICLE{2009Frasca,
   author = {{Frasca}, A. and {Covino}, E. and {Spezzi}, L. and {Alcal{\'a}}, J.~M. and
	{Marilli}, E. and {F{\.z}r{\'e}sz}, G. and {Gandolfi}, D.},
    title = "{REM near-IR and optical photometric monitoring of pre-main sequence stars in Orion. Rotation periods and starspot parameters}",
  journal = {\aap},
 keywords = {stars: pre-main sequence, stars: rotation, stars: starspots, stars: flare, techniques: photometric, ISM: individual objects: Orion},
     year = 2009,
    month = dec,
   volume = 508,
    pages = {1313-1330},
      doi = {10.1051/0004-6361/200913327},
   adsurl = {http://adsabs.harvard.edu/abs/2009A%26A...508.1313F},
  adsnote = {Provided by the SAO/NASA Astrophysics Data System}
}


@ARTICLE{2013ARA&A..51..353C,
   author = {{Chaplin}, W.~J. and {Miglio}, A.},
    title = "{Asteroseismology of Solar-Type and Red-Giant Stars}",
  journal = {\araa},
archivePrefix = "arXiv",
   eprint = {1303.1957},
 primaryClass = "astro-ph.SR",
     year = 2013,
    month = aug,
   volume = 51,
    pages = {353-392},
      doi = {10.1146/annurev-astro-082812-140938},
   adsurl = {http://adsabs.harvard.edu/abs/2013ARA%26A..51..353C},
  adsnote = {Provided by the SAO/NASA Astrophysics Data System}
}

@ARTICLE{2016AN....337..774D,
   author = {{Davies}, G.~R. and {Miglio}, A.},
    title = "{Asteroseismology of red giants: From analysing light curves to estimating ages}",
  journal = {Astronomische Nachrichten},
archivePrefix = "arXiv",
   eprint = {1601.02802},
 primaryClass = "astro-ph.SR",
 keywords = {asteroseismology, stars: fundamental parameters, stars: individual (KIC 12008916), stars: interiors, stars: oscillations},
     year = 2016,
    month = sep,
   volume = 337,
    pages = {774},
      doi = {10.1002/asna.201612371},
   adsurl = {http://adsabs.harvard.edu/abs/2016AN....337..774D},
  adsnote = {Provided by the SAO/NASA Astrophysics Data System}
}


@INPROCEEDINGS{bedding2000,
   author = {{Bedding}, T.~R.},
    title = "{Prospects for observing pulsating red giants with the MONS Star Trackers}",
booktitle = {The Third MONS Workshop: Science Preparation and Target Selection},
     year = 2000,
   eprint = {astro-ph/0003250},
   editor = {{Teixeira}, T. and {Bedding}, T.},
    month = apr,
    pages = {97},
   adsurl = {http://adsabs.harvard.edu/abs/2000mons.proc...97B},
  adsnote = {Provided by the SAO/NASA Astrophysics Data System}
}

@MISC{isochrones,
   author = {{Morton}, T.~D.},
    title = "{isochrones: Stellar model grid package}",
 keywords = {Software},
howpublished = {Astrophysics Source Code Library},
     year = 2015,
    month = mar,
archivePrefix = "ascl",
   eprint = {1503.010},
   adsurl = {http://adsabs.harvard.edu/abs/2015ascl.soft03010M},
  adsnote = {Provided by the SAO/NASA Astrophysics Data System}
}

@ARTICLE{2017ApJ...844..102H,
   author = {{Huber}, D. and {Zinn}, J. and {Bojsen-Hansen}, M. and {Pinsonneault}, M. and
	{Sahlholdt}, C. and {Serenelli}, A. and {Silva Aguirre}, V. and
	{Stassun}, K. and {Stello}, D. and {Tayar}, J. and {Bastien}, F. and
	{Bedding}, T.~R. and {Buchhave}, L.~A. and {Chaplin}, W.~J. and
	{Davies}, G.~R. and {Garc{\'{\i}}a}, R.~A. and {Latham}, D.~W. and
	{Mathur}, S. and {Mosser}, B. and {Sharma}, S.},
    title = "{Asteroseismology and Gaia: Testing Scaling Relations Using 2200 Kepler  Stars with TGAS Parallaxes}",
  journal = {\apj},
archivePrefix = "arXiv",
   eprint = {1705.04697},
 primaryClass = "astro-ph.SR",
 keywords = {parallaxes, stars: distances, stars: fundamental parameters, stars: late-type, stars: oscillations, techniques: photometric},
     year = 2017,
    month = aug,
   volume = 844,
      eid = {102},
    pages = {102},
      doi = {10.3847/1538-4357/aa75ca},
   adsurl = {http://adsabs.harvard.edu/abs/2017ApJ...844..102H},
  adsnote = {Provided by the SAO/NASA Astrophysics Data System}
}

@ARTICLE{2011A&A...525L...9M,
   author = {{Mosser}, B. and {Belkacem}, K. and {Goupil}, M.~J. and {Michel}, E. and
	{Elsworth}, Y. and {Barban}, C. and {Kallinger}, T. and {Hekker}, S. and
	{De Ridder}, J. and {Samadi}, R. and {Baudin}, F. and {Pinheiro}, F.~J.~G. and
	{Auvergne}, M. and {Baglin}, A. and {Catala}, C.},
    title = "{The universal red-giant oscillation pattern. An automated determination with CoRoT data}",
  journal = {\aap},
archivePrefix = "arXiv",
   eprint = {1011.1928},
 primaryClass = "astro-ph.SR",
 keywords = {stars: oscillations, stars: interiors, methods: data analysis, methods: analytical},
     year = 2011,
    month = jan,
   volume = 525,
      eid = {L9},
    pages = {L9},
      doi = {10.1051/0004-6361/201015440},
   adsurl = {http://adsabs.harvard.edu/abs/2011A%26A...525L...9M},
  adsnote = {Provided by the SAO/NASA Astrophysics Data System}
}

@ARTICLE{2013A&A...559A.137M,
   author = {{Mosser}, B. and {Dziembowski}, W.~A. and {Belkacem}, K. and
	{Goupil}, M.~J. and {Michel}, E. and {Samadi}, R. and {Soszy{\'n}ski}, I. and
	{Vrard}, M. and {Elsworth}, Y. and {Hekker}, S. and {Mathur}, S.
	},
    title = "{Period-luminosity relations in evolved red giants explained by solar-like oscillations}",
  journal = {\aap},
archivePrefix = "arXiv",
   eprint = {1310.0839},
 primaryClass = "astro-ph.SR",
 keywords = {stars: oscillations, stars: interiors, stars: evolution, stars: late-type, stars: horizontal-branch},
     year = 2013,
    month = nov,
   volume = 559,
      eid = {A137},
    pages = {A137},
      doi = {10.1051/0004-6361/201322243},
   adsurl = {http://adsabs.harvard.edu/abs/2013A%26A...559A.137M},
  adsnote = {Provided by the SAO/NASA Astrophysics Data System}
}


@ARTICLE{2011A&A...530A.142B,
   author = {{Belkacem}, K. and {Goupil}, M.~J. and {Dupret}, M.~A. and {Samadi}, R. and
	{Baudin}, F. and {Noels}, A. and {Mosser}, B.},
    title = "{The underlying physical meaning of the {$\nu$}$_{max}$ - {$\nu$}$_{c}$ relation}",
  journal = {\aap},
archivePrefix = "arXiv",
   eprint = {1104.0630},
 primaryClass = "astro-ph.SR",
 keywords = {convection, turbulence, stars: oscillations, stars: interiors},
     year = 2011,
    month = jun,
   volume = 530,
      eid = {A142},
    pages = {A142},
      doi = {10.1051/0004-6361/201116490},
   adsurl = {http://adsabs.harvard.edu/abs/2011A%26A...530A.142B},
  adsnote = {Provided by the SAO/NASA Astrophysics Data System}
}


@ARTICLE{2014MNRAS.445L..94D,
   author = {{Davies}, G.~R. and {Handberg}, R. and {Miglio}, A. and {Campante}, T.~L. and
	{Chaplin}, W.~J. and {Elsworth}, Y.},
    title = "{Why should we correct reported pulsation frequencies for stellar line-of-sight Doppler velocity shifts?}",
  journal = {\mnras},
archivePrefix = "arXiv",
   eprint = {1408.7042},
 primaryClass = "astro-ph.SR",
 keywords = {methods: data analysis, stars: oscillations},
     year = 2014,
    month = nov,
   volume = 445,
    pages = {L94-L98},
      doi = {10.1093/mnrasl/slu143},
   adsurl = {http://adsabs.harvard.edu/abs/2014MNRAS.445L..94D},
  adsnote = {Provided by the SAO/NASA Astrophysics Data System}
}

@ARTICLE{2017ApJ...836..142G,
   author = {{Grundahl}, F. and {Fredslund Andersen}, M. and {Christensen-Dalsgaard}, J. and
	{Antoci}, V. and {Kjeldsen}, H. and {Handberg}, R. and {Houdek}, G. and
	{Bedding}, T.~R. and {Pall{\'e}}, P.~L. and {Jessen-Hansen}, J. and
	{Silva Aguirre}, V. and {White}, T.~R. and {Frandsen}, S. and
	{Albrecht}, S. and {Andersen}, M.~I. and {Arentoft}, T. and
	{Brogaard}, K. and {Chaplin}, W.~J. and {Harps{\o}e}, K. and
	{J{\o}rgensen}, U.~G. and {Karovicova}, I. and {Karoff}, C. and
	{Kj{\ae}rgaard Rasmussen}, P. and {Lund}, M.~N. and {Sloth Lundkvist}, M. and
	{Skottfelt}, J. and {Norup S{\o}rensen}, A. and {Tronsgaard}, R. and
	{Weiss}, E.},
    title = "{First Results from the Hertzsprung SONG Telescope: Asteroseismology of the G5 Subgiant Star {$\mu$} Herculis}",
  journal = {\apj},
archivePrefix = "arXiv",
   eprint = {1701.03365},
 primaryClass = "astro-ph.SR",
 keywords = {asteroseismology, instrumentation: spectrographs, methods: data analysis, methods: observational, stars: individual: HD 161797, stars: oscillations},
     year = 2017,
    month = feb,
   volume = 836,
      eid = {142},
    pages = {142},
      doi = {10.3847/1538-4357/836/1/142},
   adsurl = {http://adsabs.harvard.edu/abs/2017ApJ...836..142G},
  adsnote = {Provided by the SAO/NASA Astrophysics Data System}
}

@ARTICLE{Gregory2005,
   author = {{Gregory}, P.~C.},
    title = "{A Bayesian Analysis of Extrasolar Planet Data for HD 73526}",
  journal = {\apj},
 keywords = {Methods: Data Analysis, Stars: Planetary Systems, Stars: Individual: Henry Draper Number: HD 73526},
     year = 2005,
    month = oct,
   volume = 631,
    pages = {1198-1214},
      doi = {10.1086/432594},
   adsurl = {http://adsabs.harvard.edu/abs/2005ApJ...631.1198G},
  adsnote = {Provided by the SAO/NASA Astrophysics Data System}
}

@ARTICLE{Foreman-Mackey2013,
   author = {{Foreman-Mackey}, D. and {Hogg}, D.~W. and {Lang}, D. and {Goodman}, J.
	},
    title = "{emcee: The MCMC Hammer}",
  journal = {\pasp},
archivePrefix = "arXiv",
   eprint = {1202.3665},
 primaryClass = "astro-ph.IM",
     year = 2013,
    month = mar,
   volume = 125,
    pages = {306},
      doi = {10.1086/670067},
   adsurl = {http://adsabs.harvard.edu/abs/2013PASP..125..306F},
  adsnote = {Provided by the SAO/NASA Astrophysics Data System}
}

@ARTICLE{Goodman2010,
   author = {{Goodman}, J. and {Weare}, J.},
    title = "{Ensemble samplers with affine invariance}",
  journal = {Communications in Applied Mathematics and Computational Science, Vol.~5, No.~1, p.~65-80, 2010},
 keywords = {Markov chain Monte Carlo, affine invariance, ensemble samplers  },
     year = 2010,
   volume = 5,
    pages = {65-80},
      doi = {10.2140/camcos.2010.5.65},
   adsurl = {http://adsabs.harvard.edu/abs/2010CAMCS...5...65G},
  adsnote = {Provided by the SAO/NASA Astrophysics Data System}
}

@article{Bezanson2017,
author = {Jeff Bezanson and Alan Edelman and Stefan Karpinski and Viral B. Shah},
title = {Julia: A Fresh Approach to Numerical Computing},
journal = {SIAM Review},
volume = {59},
number = {1},
pages = {65-98},
year = {2017},
doi = {10.1137/141000671},

URL = {
        https://doi.org/10.1137/141000671

},
eprint = {
        https://doi.org/10.1137/141000671

}

}

@ARTICLE{Gelman2013,
   author = {{Gelman}, A. and {Hwang}, J. and {Vehtari}, A.},
    title = "{Understanding predictive information criteria for Bayesian models}",
  journal = {ArXiv e-prints},
archivePrefix = "arXiv",
   eprint = {1307.5928},
 primaryClass = "stat.ME",
 keywords = {Statistics - Methodology},
     year = 2013,
    month = jul,
   adsurl = {http://adsabs.harvard.edu/abs/2013arXiv1307.5928G},
  adsnote = {Provided by the SAO/NASA Astrophysics Data System}
}

@INPROCEEDINGS{Grevesse93,
author = {Grevesse, N and Noels, A},
title = {{La composition chimique du soleil}},
booktitle = {La formation des '{e}l'{e}ments chimiques, AVCP},
year = {1993},
editor = {{Hauck B. Paltani S.}, Raboud D},
pages = {205--257}
}
